<record><leader>00000cas a22000007a 4500</leader><controlfield tag="001">20458400</controlfield><controlfield tag="008">891009u19uuuuuumducr ne      0    0eng d</controlfield><datafield ind1=" " ind2=" " tag="010"><subfield code="a">sn 89060173 </subfield></datafield><datafield ind1=" " ind2=" " tag="040"><subfield code="a">MFN</subfield><subfield code="b">eng</subfield><subfield code="c">MFN</subfield><subfield code="d">OCLCQ</subfield></datafield><datafield ind1=" " ind2=" " tag="042"><subfield code="a">msc</subfield></datafield><datafield ind1="0" ind2=" " tag="130"><subfield code="a">Columbia times (Ellicott City, Md.)</subfield></datafield><datafield ind1="1" ind2="4" tag="245"><subfield code="a">The Columbia times.</subfield></datafield><datafield ind1=" " ind2=" " tag="260"><subfield code="a">Ellicott city, Md. :</subfield><subfield code="b">Stromberg Pub.</subfield></datafield><datafield ind1=" " ind2=" " tag="300"><subfield code="a">v.</subfield></datafield><datafield ind1=" " ind2=" " tag="310"><subfield code="a">Semiweekly</subfield></datafield><datafield ind1=" " ind2=" " tag="588"><subfield code="a">Description based on: Vol. 127, no. 86 (Feb. 1, 1968).</subfield></datafield><datafield ind1=" " ind2=" " tag="752"><subfield code="a">United States</subfield><subfield code="b">Maryland</subfield><subfield code="c">Howard</subfield><subfield code="d">Ellicott City.</subfield></datafield><datafield ind1=" " ind2=" " tag="752"><subfield code="a">United States</subfield><subfield code="b">Maryland</subfield><subfield code="c">Howard</subfield><subfield code="d">Columbia.</subfield></datafield><datafield ind1="1" ind2=" " tag="029"><subfield code="a">AU@</subfield><subfield code="b">000025847651</subfield></datafield></record>